<record><leader>00000cas a22000007a 4500</leader><controlfield tag="001">32108231</controlfield><controlfield tag="008">950308d19771981mauen ne      0    0eng d</controlfield><datafield ind1=" " ind2=" " tag="010"><subfield code="a">sn 95068744 </subfield></datafield><datafield ind1=" " ind2=" " tag="040"><subfield code="a">MGN</subfield><subfield code="b">eng</subfield><subfield code="c">MGN</subfield><subfield code="d">OCLCQ</subfield><subfield code="d">OCLCF</subfield><subfield code="d">OCLCO</subfield></datafield><datafield ind1="1" ind2=" " tag="029"><subfield code="a">AU@</subfield><subfield code="b">000011634037</subfield></datafield><datafield ind1=" " ind2=" " tag="042"><subfield code="a">msc</subfield></datafield><datafield ind1=" " ind2=" " tag="043"><subfield code="a">n-us-ma</subfield></datafield><datafield ind1="0" ind2=" " tag="130"><subfield code="a">Journal (Swampscott, Mass.)</subfield></datafield><datafield ind1="1" ind2="4" tag="245"><subfield code="a">The journal.</subfield></datafield><datafield ind1="3" ind2="0" tag="246"><subfield code="a">Journal of the North Shore Jewish community</subfield></datafield><datafield ind1=" " ind2=" " tag="260"><subfield code="a">Swampscott, Mass. :</subfield><subfield code="b">North Shore Jewish Press</subfield></datafield><datafield ind1=" " ind2=" " tag="300"><subfield code="a">v.</subfield></datafield><datafield ind1=" " ind2=" " tag="310"><subfield code="a">Biweekly (except July-Aug.)</subfield></datafield><datafield ind1="0" ind2=" " tag="362"><subfield code="a">Vol. 1, no. 1 (Jan. 28, 1977)-v. 5, no. 21 (June 18, 1981).</subfield></datafield><datafield ind1=" " ind2=" " tag="500"><subfield code="a">Published in Salem, Mass., Sept. 23, 1977-1981.</subfield></datafield><datafield ind1=" " ind2=" " tag="550"><subfield code="a">Issued for the Jewish Federation of the North Shore.</subfield></datafield><datafield ind1=" " ind2="0" tag="650"><subfield code="a">Jewish newspapers</subfield><subfield code="z">Massachusetts.</subfield></datafield><datafield ind1=" " ind2="7" tag="650"><subfield code="a">Jewish newspapers.</subfield><subfield code="2">fast</subfield><subfield code="0">(OCoLC)fst00982872</subfield></datafield><datafield ind1=" " ind2="7" tag="651"><subfield code="a">Massachusetts.</subfield><subfield code="2">fast</subfield><subfield code="0">(OCoLC)fst01204307</subfield></datafield><datafield ind1=" " ind2=" " tag="752"><subfield code="a">United States</subfield><subfield code="b">Massachusetts</subfield><subfield code="c">Essex</subfield><subfield code="d">Salem.</subfield></datafield><datafield ind1=" " ind2=" " tag="752"><subfield code="a">United States</subfield><subfield code="b">Massachusetts</subfield><subfield code="c">Essex</subfield><subfield code="d">Swampscott.</subfield></datafield><datafield ind1="0" ind2="0" tag="785"><subfield code="t">Journal of the North Shore Jewish community</subfield><subfield code="x">0746-0457</subfield><subfield code="w">(DLC)sn 83008134</subfield><subfield code="w">(OCoLC)9701267</subfield></datafield></record>